@ARTICLE{atmatzidou2016advancing,
  AUTHOR = {Atmatzidou, Soumela and Demetriadis, Stavros},
  PUBLISHER = {Elsevier},
  DATE = {2016},
  JOURNALTITLE = {Robotics and Autonomous Systems},
  TITLE = {Advancing students’ computational thinking skills through educational robotics: A study on age and gender relevant differences},
  VOLUME = {75},
}

@ARTICLE{kazimoglu2012serious,
  AUTHOR = {Kazimoglu, Cagin and Kiernan, Mary and Bacon, Liz and Mackinnon, Lachlan},
  PUBLISHER = {Elsevier},
  DATE = {2012},
  JOURNALTITLE = {Procedia-Social and Behavioural Sciences},
  TITLE = {A serious game for de\-vel\-op\-ing com\-pu\-ta\-tion\-al think\-ing and lear\-ning in\-tro\-duc\-to\-ry com\-put\-er pro\-gram\-ming},
  VOLUME = {47},
}

@INCOLLECTION{nakamura2014concept,
  AUTHOR = {Nakamura, Jeanne and Csikszentmihalyi, Mihaly},
  PUBLISHER = {Springer},
  BOOKTITLE = {Flow and the foundations of positive psychology},
  DATE = {2014},
  TITLE = {The concept of flow},
}

@ARTICLE{morgan2007ap,
  AUTHOR = {Morgan, Rick and Klaric, John},
  PUBLISHER = {ERIC},
  DATE = {2007},
  JOURNALTITLE = {College Board},
  TITLE = {AP Students in College: An Analysis of Five-Year Academic Careers. Research Report No. 2007-4.},
}

@BOOK{Pruett:2007:YP:1407887,
  AUTHOR = {Pruett, Mark},
  PUBLISHER = {O'Reilly},
  DATE = {2007},
  EDITION = {First},
  ISBN = {9780596514532},
  TITLE = {Yahoo! Pipes},
}

@BOOK{fitzmaurice1997graspable,
  AUTHOR = {Fitzmaurice, George W. and Buxton, William},
  PUBLISHER = {University of Toronto},
  DATE = {1997},
  TITLE = {Graspable user interfaces},
}

@INPROCEEDINGS{jorda2007reactable,
  AUTHOR = {Jordà, Sergi and Geiger, Günter and Alonso, Marcos and Kaltenbrunner, Martin},
  ORGANIZATION = {ACM},
  BOOKTITLE = {Proceedings of the 1st international conference on Tangible and embedded interaction},
  DATE = {2007},
  TITLE = {The reacTable: exploring the synergy between live music performance and tabletop tangible interfaces},
}

@INPROCEEDINGS{gray2012teaching,
  AUTHOR = {Gray, Jeff and Abelson, Hal and Wolber, David and Friend, Michelle},
  ORGANIZATION = {ACM},
  BOOKTITLE = {Proceedings of the 50th Annual Southeast Regional Conference},
  DATE = {2012},
  TITLE = {Teaching CS principles with app inventor},
}

@INPROCEEDINGS{trower2015blockly,
  AUTHOR = {Trower, Jake and Gray, Jeff},
  ORGANIZATION = {ACM},
  BOOKTITLE = {Proceedings of the 46th ACM Technical Symposium on Computer Science Education},
  DATE = {2015},
  TITLE = {Blockly language creation and applications: Visual programming for media computation and bluetooth robotics control},
}

@INPROCEEDINGS{mason2017block,
  AUTHOR = {Mason, Dave and Dave, Kruti},
  ORGANIZATION = {IEEE},
  BOOKTITLE = {Blocks and Beyond Workshop (B\&B), 2017 IEEE},
  DATE = {2017},
  TITLE = {Block-based ver\-sus flow-based pro\-gram\-ming for na\-ive pro\-gram\-mers},
}

@INPROCEEDINGS{jost2014graphical,
  AUTHOR = {Jost, Beate and Ketterl, Markus and Budde, Reinhard and Leimbach, Thorsten},
  ORGANIZATION = {IEEE},
  BOOKTITLE = {Multimedia (ISM), 2014 IEEE International Symposium on},
  DATE = {2014},
  TITLE = {Graphical programming environments for educational robots: Open roberta-yet another one?},
}

@INPROCEEDINGS{de2016systematic,
  AUTHOR = {de Araujo, Ana Liz Souto O. and Andrade, Wilkerson L. and Guerrero, Dalton D. Serey},
  ORGANIZATION = {IEEE},
  BOOKTITLE = {2016 IEEE frontiers in education conference (FIE)},
  DATE = {2016},
  TITLE = {A systematic mapping study on assessing computational think\-ing a\-bil\-i\-ties},
}

@INPROCEEDINGS{tedre2016long,
  AUTHOR = {Tedre, Matti and Denning, Peter J.},
  ORGANIZATION = {ACM},
  BOOKTITLE = {Proceedings of the 16th Koli Calling International Conference on Computing Education Research},
  DATE = {2016},
  TITLE = {The long quest for computational thinking},
}

@ARTICLE{kalelioglu2016framework,
  AUTHOR = {Kalelioglu, Filiz and Gülbahar, Yasemin and Kukul, Volkan},
  PUBLISHER = {University of Latvia},
  DATE = {2016},
  JOURNALTITLE = {Baltic Journal of Modern Computing},
  NUMBER = {3},
  TITLE = {A framework for computational thinking based on a systematic research review},
  VOLUME = {4},
}

@ARTICLE{disessa2018computational,
  AUTHOR = {DiSessa, Andrea A.},
  PUBLISHER = {Taylor \& Francis},
  DATE = {2018},
  JOURNALTITLE = {Mathematical Thinking and Learning},
  NUMBER = {1},
  TITLE = {Computational Literacy and “The Big Picture” Concerning Computers in Mathematics Education},
  VOLUME = {20},
}

@BOOK{disessa2001changing,
  AUTHOR = {DiSessa, Andrea A.},
  PUBLISHER = {MIT Press},
  DATE = {2001},
  TITLE = {Changing minds: Computers, learning, and literacy},
}

@ARTICLE{chakraborty1999logo,
  AUTHOR = {Chakraborty, Anit and Graebner, Randy and Stocky, Tom},
  DATE = {1999},
  JOURNALTITLE = {Unpublished paper for MIT’s},
  TITLE = {LOGO: A project history},
  VOLUME = {6},
}

@ARTICLE{Blikstein:Wh4PYupf,
  AUTHOR = {Blikstein, Paulo and Sipitakiat, Arnan and Goldstein, Jayme and Wilbert, João and Johnson, Maggie and Vranakis, Steve and Pedersen, Zebedee and Carey, Will},
  DATE = {2016},
  TITLE = {{Project Bloks: designing a development platform for tangible programming for children}},
}

@ARTICLE{Strawhacker2015,
  AUTHOR = {Strawhacker, Amanda and Bers, Marina U.},
  URL = {http://dx.doi.org/10.1007/s10798-014-9287-7},
  DATE = {2015},
  DOI = {10.1007/s10798-014-9287-7},
  ISSN = {1573-1804},
  JOURNALTITLE = {International Journal of Technology and Design Education},
  NUMBER = {3},
  TITLE = {``I want my robot to look for food'': Comparing Kindergartner's programming comprehension using tangible, graphic, and hybrid user interfaces},
  VOLUME = {25},
}

@INPROCEEDINGS{Anonymous:2015iz,
  AUTHOR = {Kraemer, Eileen and Ermel, Claudia and Fleming, Scott},
  BOOKTITLE = {Proceedings of IEEE Symposium on Visual Languages and Human-Centric Computing, VL/HCC},
  DATE = {2015},
  TITLE = {{Foreword VL/HCC 2015}},
}

@INPROCEEDINGS{Turchi:2015kr,
  AUTHOR = {Turchi, Tommaso and Malizia, Alessio and Dix, Alan},
  PUBLISHER = {IEEE},
  BOOKTITLE = {2015 IEEE Symposium on Visual Languages and Human-Centric Computing (VL/HCC)},
  DATE = {2015},
  TITLE = {{Fos\-ter\-ing the a\-dop\-tion of Per\-va\-sive Dis\-plays in pub\-lic spa\-ces us\-ing Tan\-gi\-ble End-User Pro\-gram\-ming}},
}

@REPORT{Namukasa:2015wj,
  AUTHOR = {Namukasa, Immaculate K. and Kotsopoulos, Donna and Floyd, Lisa and Weber, Jessica and Kafai, Yasmin B. and Khan, Steven and Yiu, Chris and Morrison, Laura and Somanath, Sowmya},
  INSTITUTION = {University of Western Ontario},
  DATE = {2015},
  TITLE = {{From com\-pu\-ta\-tion\-al think\-ing to com\-pu\-ta\-tion\-al par\-tic\-i\-pa\-tion: To\-wards A\-chiev\-ing Ex\-cel\-lence through Cod\-ing in el\-e\-men\-ta\-ry schools}},
  TYPE = {techreport},
}

@INPROCEEDINGS{Turchi:2015dr,
  AUTHOR = {Malizia, Alessio and Turchi, Tommaso},
  BOOKTITLE = {Lecture Notes in Computer Science (including subseries Lecture Notes in Artificial Intelligence and Lecture Notes in Bioinformatics)},
  DATE = {2015},
  TITLE = {{Pervasive displays in the wild: Employing end user programming in adaption and re-purposing}},
}

@BOOKLET{Balanskat:aDdZD1gb,
  AUTHOR = {Balanskat, Anja and Engelhart, Katja},
  PUBLISHER = {European Schoolnet},
  DATE = {2014},
  TITLE = {Computing our future: Computer programming and coding-Priorities, school curricula and initiatives across Europe},
}

@ARTICLE{WilkersonJerde:2014ve,
  AUTHOR = {Wilkerson-Jerde, Michelle H.},
  DATE = {2014},
  JOURNALTITLE = {Educational Technology Research and Development},
  TITLE = {{Construction, categorization, and con\-sen\-sus: stu\-dent gen\-er\-at\-ed com\-pu\-ta\-tion\-al ar\-ti\-facts as a con\-text for dis\-ci\-pli\-nar\-y re\-fle\-ction}},
}

@INPROCEEDINGS{RealWorld,
  AUTHOR = {Hosio, Simo and Goncalves, Jorge and Kukka, Hannu and Chamberlain, Alan and Malizia, Alessio},
  BOOKTITLE = {PerDis 2014 - Proceedings: 3rd ACM International Symposium on Pervasive Displays 2014},
  DATE = {2014},
  TITLE = {{What's in it for me: Exploring the real-world value proposition of pervasive displays}},
}

@ARTICLE{Grover:2013gj,
  AUTHOR = {Grover, Shuchi and Pea, Roy},
  DATE = {2013-02},
  JOURNALTITLE = {Educational Researcher},
  NUMBER = {1},
  TITLE = {{Computational Thinking in K-12: A Review of the State of the Field}},
  VOLUME = {42},
}

@REPORT{eps346937,
  AUTHOR = {Selby, Cynthia and Woollard, John},
  PUBLISHER = {University of Southampton (E-prints)},
  URL = {http://eprints.soton.ac.uk/346937/},
  BOOKTITLE = {The 18th Annual Conference on Innovation and Technology in Computer Science Education},
  DATE = {2013-01},
  TITLE = {Computational thinking: the developing definition},
}

@INPROCEEDINGS{Curzon:2013ii,
  AUTHOR = {Curzon, Paul},
  ORGANIZATION = {Queen Mary University of London, London, United Kingdom},
  BOOKTITLE = {ACM International Conference Proceeding Series},
  DATE = {2013-01},
  TITLE = {{Cs4fn and computational thinking unplugged}},
}

@ARTICLE{Vee:2013wc,
  AUTHOR = {Vee, Annette},
  DATE = {2013},
  JOURNALTITLE = {Literacy in Composition Studies},
  TITLE = {{Understanding Computer Programming as a Literacy}},
}

@ARTICLE{Lee:2011tm,
  AUTHOR = {Lee, Irene and Martin, Fred and Denner, Jill and Coulter, Bob and Allan, Walter and Erickson, Jeri and Malyn-Smith, Joyce and Werner, Linda},
  DATE = {2011},
  JOURNALTITLE = {Acm Inroads},
  TITLE = {{Computational thinking for youth in practice}},
}

@BOOK{Anonymous:2011kk,
  LOCATION = {Washington, D.C., USA},
  PUBLISHER = {National Academies Press},
  DATE = {2011-08},
  TITLE = {{Report of a Workshop on the Pedagogical Aspects of Computational Thinking}},
}

@INPROCEEDINGS{Bellucci:2010vw,
  AUTHOR = {Bellucci, Andrea and Malizia, Alessio and Dı́az, Paloma and Aedo, Ignacio},
  BOOKTITLE = {Proceedings of the Workshop on Advanced Visual Interfaces AVI},
  DATE = {2010},
  TITLE = {{Don't Touch Me: Multi-user annotations on a map in large display environments}},
}

@BOOK{Anonymous:2010fz,
  LOCATION = {Washington, D.C., USA},
  PUBLISHER = {National Academies Press},
  DATE = {2010-04},
  TITLE = {{Report of a Workshop on The Scope and Nature of Computational Thinking}},
}

@INPROCEEDINGS{Repenning:2010cz,
  AUTHOR = {Repenning, Alexander and Webb, David and Ioannidou, Andri},
  LOCATION = {New York, NY, USA},
  PUBLISHER = {ACM},
  BOOKTITLE = {the 41st ACM technical symposium},
  DATE = {2010},
  TITLE = {{Scalable game design and the development of a checklist for getting computational thinking into public schools}},
}

@ARTICLE{Orr:2009ip,
  AUTHOR = {Orr, Genevieve},
  DATE = {2009},
  JOURNALTITLE = {SIGGRAPH Talks 2009},
  TITLE = {{Computational thinking through programming and algorithmic art}},
}

@INPROCEEDINGS{Maloney:2008jt,
  AUTHOR = {Maloney, John and Peppier, Kylie and Kafai, Yasmin B. and Resnick, Mitchel and Rusk, Natalie},
  ORGANIZATION = {MIT Media Laboratory},
  BOOKTITLE = {SIGCSE'08 - Proceedings of the 39th ACM Technical Symposium on Computer Science Education},
  DATE = {2008-12},
  TITLE = {{Programming by choice: Urban youth learning programming with scratch}},
}

@ARTICLE{Chen:2007hc,
  AUTHOR = {Chen, Tzu-Yi and Lewandowski, Gary and McCartney, Robert and Sanders, Kate and Simon, Beth},
  DATE = {2007-03},
  JOURNALTITLE = {ACM SIGCSE Bulletin},
  NUMBER = {1},
  TITLE = {{Commonsense computing}},
  VOLUME = {39},
}

@ARTICLE{Pane:2001jo,
  AUTHOR = {Pane, John F. and Ratanamahatana, Chotirat Ann and Myers, Brad A.},
  DATE = {2001-02},
  JOURNALTITLE = {International Journal of Human-Computer Studies},
  NUMBER = {2},
  TITLE = {{Studying the language and structure in non-programmers' solutions to programming problems}},
  VOLUME = {54},
}

@INPROCEEDINGS{Ishii:1997gy,
  AUTHOR = {Ishii, Hiroshi and Ullmer, Brygg},
  LOCATION = {New York, NY, USA},
  PUBLISHER = {ACM},
  BOOKTITLE = {the SIGCHI Conference},
  DATE = {1997},
  TITLE = {{Tangible bits}},
}

@BOOK{Williams:1995vm,
  AUTHOR = {Williams, Karen A. and Cavallo, Ann M. L.},
  PUBLISHER = {Journal of College Science Teaching},
  DATE = {1995},
  TITLE = {{Reasoning Ability, Meaningful Learning, and Students' Understanding of Physics Concepts}},
}

@INPROCEEDINGS{desolda2018tangible,
  AUTHOR = {Desolda, Giuseppe and Malizia, Alessio and Turchi, Tommaso},
  ORGANIZATION = {ACM},
  BOOKTITLE = {Proceedings of the 2018 International Conference on Advanced Visual Interfaces},
  DATE = {2018},
  TITLE = {A tangible-programming technology supporting end-user development of smart-environments},
}

@INPROCEEDINGS{malizia2017vltapasplay,
  AUTHOR = {Malizia, Alessio and Fogli, Daniela and Danesi, Federico and Turchi, Tommaso and Bell, David},
  ORGANIZATION = {IEEE},
  BOOKTITLE = {Visual Languages and Human-Centric Computing (VL/HCC), 2017 IEEE Symposium on},
  DATE = {2017},
  TITLE = {TAPASPlay: A game-based learning approach to foster com\-pu\-ta\-tion\-al think\-ing skills},
}

@ARTICLE{malizia2017eudtapasplay,
  AUTHOR = {Malizia, Alessio and Turchi, Tommaso and Danesi, Federico and Fogli, Daniela and Bell, David},
  DATE = {2017},
  JOURNALTITLE = {IS-EUD 2017},
  TITLE = {TAPASPlay: a Tangible Game-Based Learning Approach to Foster Computational Thinking Skills},
}

@ARTICLE{turchi2016human,
  AUTHOR = {Turchi, Tommaso and Malizia, Alessio},
  DATE = {2016},
  JOURNALTITLE = {ICST Transactions on Ambient Systems},
  NUMBER = {9},
  TITLE = {A Human-Centred Tangible approach to learning Computational Thinking},
  VOLUME = {3},
}

@INCOLLECTION{dix2016rich,
  AUTHOR = {Dix, Alan and Malizia, Alessio and Turchi, Tommaso and Gill, Steve and Loudon, Gareth and Morris, Richard and Chamberlain, Alan and Bellucci, Andrea},
  PUBLISHER = {Springer},
  BOOKTITLE = {Collaboration Meets Interactive Spaces},
  DATE = {2016},
  TITLE = {Rich dig\-it\-al col\-lab\-o\-ra\-tions in a small ru\-ral com\-mu\-ni\-ty},
}

@ARTICLE{turchi2019collaborative,
  TITLE={Fos\-ter\-ing com\-pu\-ta\-tion\-al think\-ing through col\-lab\-o\-ra\-tive game-based learn\-ing},
  AUTHOR={Turchi, Tommaso and Fogli, Daniela and Malizia, Alessio},
  JOURNALTITLE={Multimedia Tools and Applications},
  VOLUME={78},
  NUMBER={10},
  PAGES={13649--13673},
  DATE={2019},
  PUBLISHER={Springer}
}

@INPROCEEDINGS{Anonymous:2015dr,
  PUBLISHER = {IEEE},
  BOOKTITLE = {2015 IEEE Blocks and Beyond Workshop (Blocks and Beyond)},
  DATE = {2015},
  DOI = {10.1109/blocks.2015.7368986},
  ISBN = {9781467383677},
  TITLE = {{Foreword}},
}

@ARTICLE{Ardito:2015gq,
  AUTHOR = {Ardito, Carmelo and Buono, Paolo and Costabile, Maria Francesca and Desolda, Giuseppe},
  DATE = {2015-01},
  JOURNALTITLE = {ACM Computing Surveys},
  NUMBER = {3},
  TITLE = {{Interaction with large displays: A survey}},
  VOLUME = {47},
}

@INPROCEEDINGS{Muller:2014kx,
  AUTHOR = {Müller, Jens and Schwarz, Tobias and Butscher, Simon and Reiterer, Harald},
  LOCATION = {New York, NY, USA},
  PUBLISHER = {ACM},
  BOOKTITLE = {the 2014 International Working Conference},
  DATE = {2014},
  TITLE = {{Back to tangibility}},
}

@ARTICLE{Bellucci:2014jj,
  AUTHOR = {Bellucci, Andrea and Malizia, Alessio and Aedo, Ignacio},
  DATE = {2014-01},
  JOURNALTITLE = {ACM Computing Surveys},
  NUMBER = {3},
  TITLE = {{Light on horizontal interactive surfaces: Input space for tabletop computing}},
  VOLUME = {46},
}

@INPROCEEDINGS{Davies:2014cl,
  AUTHOR = {Davies, Nigel and Langheinrich, Marc and Clinch, Sarah and Elhart, Ivan and Friday, Adrian and Kubitza, Thomas and Surajbali, Bholanathsingh},
  LOCATION = {New York, NY, USA},
  PUBLISHER = {ACM},
  BOOKTITLE = {the 32nd annual ACM conference},
  DATE = {2014},
  TITLE = {{Personalisation and privacy in future pervasive display networks}},
}

@INPROCEEDINGS{Cremonesi:2014fy,
  AUTHOR = {Cremonesi, Paolo and Di Rienzo, Antonella and Frà, Cristina and Garzotto, Franca and Oliveto, Luigi and Valla, Massimo},
  LOCATION = {New York, NY, USA},
  PUBLISHER = {ACM},
  BOOKTITLE = {the 2014 International Working Conference},
  DATE = {2014},
  TITLE = {{Personalized interaction on large displays}},
}

@INPROCEEDINGS{Bigelow:2014th,
  AUTHOR = {Bigelow, Alex and Drucker, Steven and Fisher, Danyel and Meyer, Miriah},
  LOCATION = {New York, NY, USA},
  PUBLISHER = {ACM},
  BOOKTITLE = {the 2014 International Working Conference},
  DATE = {2014},
  TITLE = {{Re\-flec\-tions on how designers design with data}},
}

@ARTICLE{Dalsgaard:2014ut,
  AUTHOR = {Dalsgaard, Peter and Halskov, Kim},
  DATE = {2014-01},
  JOURNALTITLE = {interactions},
  NUMBER = {5},
  TITLE = {{Tangible 3D tabletops}},
  VOLUME = {21},
}

@ARTICLE{Ardito:2014ci,
  AUTHOR = {Ardito, Carmelo and Francesca Costabile, Maria and Desolda, Giuseppe and Lanzilotti, Rosa and Matera, Maristella and Piccinno, Antonio and Picozzi, Matteo},
  DATE = {2014-08},
  JOURNALTITLE = {Journal of Visual Languages {\&} Computing},
  NUMBER = {4},
  TITLE = {{User-driven visual composition of service-based interactive spaces}},
  VOLUME = {25},
}

@INPROCEEDINGS{Lee:2013gya,
  AUTHOR = {Lee, Jisoo and Garduño, Luis and Walker, Erin and Burleson, Winslow},
  LOCATION = {New York, NY, USA},
  PUBLISHER = {ACM},
  BOOKTITLE = {the 2013 ACM international joint conference},
  DATE = {2013},
  TITLE = {{A tangible programming tool for creation of context-aware applications}},
}

@BOOKLET{chilitags,
  AUTHOR = {Bonnard, Quentin and Lemaignan, S\'{e}verin and Zufferey, Guillaume and Mazzei, Andrea and Cuendet, S\'{e}bastien and Li, Nan and \"{O}zg\"{u}r, Ayberk and Dillenbourg, Pierre},
  DATE = {2013},
  TITLE = {{Chilitags 2: Robust fiducial markers for augmented reality and robotics}},
}

@ARTICLE{Antle:2013ho,
  AUTHOR = {Antle, Alissa and Wise, Alyssa F.},
  DATE = {2013-01},
  JOURNALTITLE = {Interacting with Computers},
  NUMBER = {1},
  TITLE = {{Getting down to details: Using theories of cognition and learning to inform tangible user interface design}},
  VOLUME = {25},
}

@ARTICLE{Crabtree:2013coba,
  AUTHOR = {Crabtree, Andy and Chamberlain, Alan and Grinter, Rebecca E. and Jones, Matt and Rodden, Tom and Rogers, Yvonne},
  DATE = {2013-07},
  JOURNALTITLE = {ACM Transactions on Computer-Human Interaction},
  NUMBER = {3},
  TITLE = {{Introduction to the special issue of "The turn to the wild"}},
  VOLUME = {20},
}

@ARTICLE{Majumder:2013wt,
  AUTHOR = {Majumder, Aditi and Sajadi, Behzad},
  DATE = {2013-05},
  JOURNALTITLE = {Computer},
  NUMBER = {5},
  TITLE = {{Large area displays: The changing face of visualization}},
  VOLUME = {46},
}

@ARTICLE{Memarovic:2013:PLF:2491500.2491505,
  AUTHOR = {Memarovic, Nemanja and Langheinrich, Marc and Cheverst, Keith and Taylor, Nick and Alt, Florian},
  DATE = {2013-07},
  JOURNALTITLE = {ACM Transactions on Computer-Human Interaction},
  NUMBER = {3},
  TITLE = {{P-LAYERS - A layered framework addressing the multifaceted issues facing community-supporting public display deployments}},
  VOLUME = {20},
}

@ARTICLE{Clinch:2013uj,
  AUTHOR = {Clinch, Sarah},
  DATE = {2013-02},
  JOURNALTITLE = {IEEE Pervasive Computing},
  NUMBER = {1},
  TITLE = {{Smartphones and pervasive public displays}},
  VOLUME = {12},
}

@ARTICLE{Kubitza:2013in,
  AUTHOR = {Kubitza, Thomas and Clinch, Sarah and Davies, Nigel and Langheinrich, Marc},
  DATE = {2013},
  JOURNALTITLE = {ACM SIGMOBILE Mobile Computing and Communications Review},
  NUMBER = {4},
  TITLE = {{Using mobile devices to personalize pervasive displays}},
  VOLUME = {16},
}

@INPROCEEDINGS{Wang:2012cp,
  AUTHOR = {Wang, Danli and Zhang, Yang and Gu, Tianyuan and He, Liang and Wang, Hongan},
  LOCATION = {New York, NY, USA},
  PUBLISHER = {ACM},
  BOOKTITLE = {Adjunct proceedings of the 25th annual ACM symposium},
  DATE = {2012},
  TITLE = {{E-Block}},
}

@INPROCEEDINGS{Boer:2012ku,
  AUTHOR = {Boer, Laurens and Donovan, Jared},
  LOCATION = {New York, NY, USA},
  PUBLISHER = {ACM},
  BOOKTITLE = {the Designing Interactive Systems Conference},
  DATE = {2012},
  TITLE = {{Provotypes for par\-tic\-i\-pat\-o\-ry in\-no\-va\-tion}},
}

@INPROCEEDINGS{Sipitakiat:2012cba,
  AUTHOR = {Sipitakiat, Arnan and Nusen, Nusarin},
  LOCATION = {New York, NY, USA},
  PUBLISHER = {ACM},
  BOOKTITLE = {the 11th In-ter-na-tion-al Con-fer-ence},
  DATE = {2012},
  TITLE = {{Robo-Blocks}},
}

@ARTICLE{Horn:2011ch,
  AUTHOR = {Horn, Michael and Crouser, Jordan and Bers, Marina Umaschi},
  DATE = {2012-04},
  JOURNALTITLE = {Personal and Ubiquitous Computing},
  NUMBER = {4},
  TITLE = {{Tangible interaction and learning: The case for a hybrid approach}},
  VOLUME = {16},
}

@INPROCEEDINGS{tillmann2012touchdevelop,
  AUTHOR = {Tillmann, Nikolai and Moskal, Michal and De Halleux, Jonathan and Fahndrich, Manuel and Burckhardt, Sebastian},
  ORGANIZATION = {ACM},
  BOOKTITLE = {Proceedings of the ACM SIGSOFT 20th International Symposium on the Foundations of Software Engineering},
  DATE = {2012},
  TITLE = {TouchDevelop: app development on mobile devices},
}

@INPROCEEDINGS{Mohamad:2011kz,
  AUTHOR = {Mohamad, Siti Nor Hafizah and Patel, Ahmed and Latih, Rodziah and Qassim, Qais and Na, Liu and Tew, Yiqi},
  ORGANIZATION = {Universiti Kebangsaan Malaysia, Bangi, Malaysia},
  PUBLISHER = {IEEE},
  BOOKTITLE = {Proceedings of the 2011 International Conference on Electrical Engineering and Informatics, ICEEI 2011},
  DATE = {2011-10},
  TITLE = {{Block-based programming approach: Challenges and benefits}},
}

@INPROCEEDINGS{Wing:2008cv,
  AUTHOR = {Wing, Jeannette M.},
  PUBLISHER = {IEEE},
  BOOKTITLE = {2011 IEEE Symposium on Visual Languages and Human-Centric Computing (VL/HCC)},
  DATE = {2011},
  TITLE = {{Computational thinking}},
}

@ARTICLE{Malizia:2011tw,
  AUTHOR = {Malizia, Alessio and Bellucci, Andrea and D{\'i}az, Paloma and Aedo, Ignacio and Levialdi, Stefano},
  DATE = {2011-04},
  JOURNALTITLE = {Journal of Visual Languages {\&} Computing},
  NUMBER = {2},
  TITLE = {{EStorys: A visual storyboard system supporting back-channel communication for emergencies}},
  VOLUME = {22},
}

@BOOKLET{Cuccurullo:2011wu,
  AUTHOR = {Cuccurullo, Stefania and Francese, Rita and Risi, Michele and Tortora, Genoveffa},
  DATE = {2011},
  DOI = {10.1007/978-3-642-21530-8_28},
  ISBN = {9783642215292},
  TITLE = {{MicroApps Development on Mobile Phones}},
}

@INCOLLECTION{Wigdor:2011bi,
  AUTHOR = {Wigdor, Daniel and Wixon, Dennis},
  PUBLISHER = {Elsevier},
  BOOKTITLE = {The Spatial NUI},
  DATE = {2011},
  TITLE = {{No Touch Left Behind}},
}

@INCOLLECTION{Wigdor:2011:BNW:1995309,
  AUTHOR = {Wigdor, Daniel and Wixon, Dennis},
  PUBLISHER = {Elsevier},
  BOOKTITLE = {Brave NUI World},
  DATE = {2011},
  TITLE = {{The Spatial NUI}},
}

@ARTICLE{Maquil:2011ul,
  AUTHOR = {Maquil, Valérie and Ras, Eric and Zephir, Olivier},
  DATE = {2011},
  JOURNALTITLE = {Mensch {\&} Computer Workshopband},
  TITLE = {{Understanding the Characteristics of Metaphors in Tangible User Interfaces}},
}

@ARTICLE{dix2010mobile,
  AUTHOR = {Dix, Alan and Sas, Corina},
  DATE = {2010},
  JOURNALTITLE = {International Journal of Ubiquitous Computing},
  TITLE = {{Mobile personal devices meet situated public displays: Synergies and opportunities}},
}

@INPROCEEDINGS{Terrenghi:2009kr,
  AUTHOR = {Terrenghi, Lucia and Quigley, Aaron and Dix, Alan},
  ORGANIZATION = {Vodafone Group Services R and D, Munich, Germany},
  BOOKTITLE = {Personal and Ubiquitous Computing},
  DATE = {2009-06},
  TITLE = {{A taxonomy for and analysis of multi-person-display ecosystems}},
}

@INPROCEEDINGS{Horn:2009be,
  AUTHOR = {Horn, Michael and Solovey, Erin Treacy and Crouser, Jordan and Jacob, Robert},
  LOCATION = {New York, NY, USA},
  PUBLISHER = {ACM},
  BOOKTITLE = {the SIGCHI Conference},
  DATE = {2009},
  TITLE = {{Comparing the use of tangible and graphical programming languages for informal science education}},
}

@INCOLLECTION{Muller:2009wy,
  AUTHOR = {Müller, Jörg and Wilmsmann, Dennis and Exeler, Juliane and Buzeck, Markus and Schmidt, Albrecht and Jay, Tim and Krüger, Antonio},
  LOCATION = {Berlin, Heidelberg},
  PUBLISHER = {Springer},
  BOOKTITLE = {Virtual and Mixed Reality},
  DATE = {2009},
  TITLE = {{Display Blindness: The Effect of Expectations on Attention towards Digital Signage}},
}

@INPROCEEDINGS{5190415,
  AUTHOR = {Hardy, Robert and Rukzio, Enrico and Wagner, Matthias and Paolucci, Massimo},
  BOOKTITLE = {Near Field Communication, 2009. NFC '09. First International Workshop on},
  DATE = {2009-02},
  DOI = {10.1109/NFC.2009.10},
  KEYWORDS = {mobile handsets;touch sensitive screens;NFC interaction;form factors;large dynamic displays;mobile phones;touch interact interaction;Auditory displays;Large screen displays;Liquid crystal displays;Mobile communication;Mobile handsets;Plasma displays;Privacy;Prototypes;Usability;Visualization;NFC;display;interaction;mobile;touch},
  TITLE = {Exploring Expressive NFC-Based Mobile Phone Interaction with Large Dynamic Displays},
}

@INPROCEEDINGS{Hancock:2009bg,
  AUTHOR = {Hancock, Mark and Hilliges, Otmar and Collins, Christopher and Baur, Dominikus and Carpendale, Sheelagh},
  LOCATION = {New York, NY, USA},
  PUBLISHER = {ACM},
  BOOKTITLE = {the ACM International Conference},
  DATE = {2009},
  TITLE = {{Exploring tangible and direct touch interfaces for manipulating 2D and 3D information on a digital table}},
}

@INCOLLECTION{Mugellini:2009gl,
  AUTHOR = {Mugellini, Elena and Lalanne, Denis and Dumas, Bruno and Evéquoz, Florian and Gerardi, Sandro and Le Calvé, Anne and Boder, Alexandre and Ingold, Rolf and Abou Khaled, Omar},
  LOCATION = {Berlin, Heidelberg},
  PUBLISHER = {Springer},
  BOOKTITLE = {Virtual and Mixed Reality},
  DATE = {2009},
  TITLE = {{MEMODULES as Tangible Shortcuts to Multimedia Information}},
}

@INPROCEEDINGS{Manches:2009kg,
  AUTHOR = {Manches, Andrew and O'Malley, Claire and Benford, Steve},
  LOCATION = {New York, NY, USA},
  PUBLISHER = {ACM},
  BOOKTITLE = {Proceedings of the 3rd International Conference on Tangible and Embedded Interaction},
  DATE = {2009},
  TITLE = {{Physical manipulation: evaluating the potential for tangible designs}},
}

@INPROCEEDINGS{Kirk:2009ue,
  AUTHOR = {Kirk, David and Sellen, Abigail and Taylor, Stuart and Villar, Nicolas and Izadi, Shahram},
  ORGANIZATION = {Microsoft Research Cambridge, Cambridge, United Kingdom},
  BOOKTITLE = {People and Computers XXIII Celebrating People and Technology - Proceedings of HCI 2009},
  DATE = {2009-12},
  TITLE = {{Putting the physical into the digital: Issues in designing hybrid interactive surfaces}},
}

@ARTICLE{Resnick:2009bd,
  AUTHOR = {Resnick, Mitchel and Maloney, John and Monroy-Hernández, Andrés and Rusk, Natalie and Eastmond, Evelyn and Brennan, Karen and Millner, Amon and Rosenbaum, Eric and Silver, Jay and Silverman, Brian and Kafai, Yasmin B.},
  DATE = {2009-11},
  JOURNALTITLE = {Communications of the ACM},
  NUMBER = {11},
  TITLE = {{Scratch: Programming for all}},
  VOLUME = {52},
}

@INPROCEEDINGS{Weiss:2009ct,
  AUTHOR = {Weiss, Malte and Wagner, Julie and Jansen, Yvonne and Jennings, Roger and Khoshabeh, Ramsin and Hollan, James D. and Borchers, Jan},
  LOCATION = {New York, NY, USA},
  PUBLISHER = {ACM},
  BOOKTITLE = {the SIGCHI Conference},
  DATE = {2009},
  TITLE = {{SLAP widgets}},
}

@INPROCEEDINGS{Sas:2008ch,
  AUTHOR = {Sas, Corina and Dix, Alan},
  LOCATION = {New York, NY, USA},
  PUBLISHER = {ACM},
  BOOKTITLE = {Proceeding of the twenty-sixth annual CHI conference},
  DATE = {2008},
  TITLE = {{Designing and evaluating mobile phone-based interaction with public displays}},
}

@INPROCEEDINGS{Jacob:2008dj,
  AUTHOR = {Jacob, Robert and Girouard, Audrey and Hirshfield, Leanne and Horn, Michael and Shaer, Orit and Solovey, Erin Treacy and Zigelbaum, Jamie},
  LOCATION = {New York, NY, USA},
  PUBLISHER = {ACM},
  BOOKTITLE = {Proceeding of the twenty-sixth annual CHI conference},
  DATE = {2008},
  TITLE = {{Reality-based interaction}},
}

@INCOLLECTION{Billard:2008kb,
  AUTHOR = {Billard, Aude and Calinon, Sylvain and Dillmann, Rüdiger and Schaal, Stefan},
  LOCATION = {Berlin, Heidelberg},
  PUBLISHER = {Springer},
  BOOKTITLE = {Springer Handbook of Robotics},
  DATE = {2008},
  TITLE = {{Robot Programming by Demonstration}},
}

@INPROCEEDINGS{Parkes:2008bu,
  AUTHOR = {Parkes, Amanda J. and Raffle, Hayes Solos and Ishii, Hiroshi},
  LOCATION = {New York, NY, USA},
  PUBLISHER = {ACM},
  BOOKTITLE = {Proceeding of the twenty-sixth annual CHI conference},
  DATE = {2008},
  TITLE = {{Topobo in the wild}},
}

@INPROCEEDINGS{Marshall:2007dr,
  AUTHOR = {Marshall, Paul},
  LOCATION = {New York, NY, USA},
  PUBLISHER = {ACM},
  BOOKTITLE = {the 1st international conference},
  DATE = {2007},
  TITLE = {{Do tangible interfaces enhance learning?}},
}

@INPROCEEDINGS{Subramanian:2007kx,
  AUTHOR = {Subramanian, Sriram and Pinelle, David and Korst, Jan and Buil, Vincent},
  PUBLISHER = {IEEE},
  BOOKTITLE = {16th IEEE International Workshops on Enabling Technologies: Infrastructure for Collaborative Enterprises (WETICE 2007)},
  DATE = {2007},
  TITLE = {{Tabletop Collaboration through Tangible Interactions}},
}

@INPROCEEDINGS{Sharp:2005hk,
  AUTHOR = {Sharp, Richard and Rehman, Kasim},
  ORGANIZATION = {Intel Research Cambridge Lab, Cambridge, United Kingdom},
  BOOKTITLE = {IEEE Pervasive Computing},
  DATE = {2005-07},
  TITLE = {{The 2005 UbiApp workshop: What makes good application-led research?}},
}

@INPROCEEDINGS{kaltenbrunner2005tuio,
  AUTHOR = {Kaltenbrunner, Martin and Bovermann, Till and Bencina, Ross and Costanza, Enrico},
  BOOKTITLE = {Proceedings of the The 6th International Workshop on Gesture in Human-Computer Interaction and Simulation},
  DATE = {2005},
  TITLE = {{TUIO: A protocol for table-top tangible user interfaces}},
}

@ARTICLE{McNerney:2004jc,
  AUTHOR = {McNerney, Timothy S.},
  DATE = {2004-01},
  JOURNALTITLE = {Personal and Ubiquitous Computing},
  NUMBER = {5},
  TITLE = {{From turtles to Tangible Programming Bricks: Explorations in physical language design}},
  VOLUME = {8},
}

@INPROCEEDINGS{Izadi:2003gb,
  AUTHOR = {Izadi, Shahram and Brignull, Harry and Rodden, Tom and Rogers, Yvonne and Underwood, Mia},
  LOCATION = {New York, NY, USA},
  PUBLISHER = {ACM},
  BOOKTITLE = {the 16th annual ACM symposium},
  DATE = {2003},
  TITLE = {{Dynamo}},
}

@INCOLLECTION{Sutcliffe:2002:URE:581174,
  AUTHOR = {Sutcliffe, Alistair},
  LOCATION = {London},
  PUBLISHER = {Springer},
  BOOKTITLE = {User-Centred Requirements Engineering},
  DATE = {2002},
  TITLE = {{Scenario-Based Requirements Engineering (SCRAM)}},
}

@ARTICLE{2001:YWM:369505,
  AUTHOR = {Lieberman, Henry},
  DATE = {2000-03},
  JOURNALTITLE = {Com\-mu\-ni\-ca\-tions of the ACM},
  NUMBER = {3},
  TITLE = {{Pro\-gram\-ming by ex\-am\-ple (in\-tro\-duc\-tion)}},
  VOLUME = {43},
}

@ARTICLE{doi:10.1177/152342239900100302,
  AUTHOR = {Marsick, Victoria J. and Volpe, Marie},
  DATE = {1999},
  DOI = {10.1177/152342239900100302},
  JOURNALTITLE = {Advances in Developing Human Resources},
  NUMBER = {3},
  TITLE = {The Nature and Need for Informal Learning},
  VOLUME = {1},
}

@ARTICLE{Pandit:1996um,
  AUTHOR = {Pandit, Naresh R.},
  DATE = {1996},
  JOURNALTITLE = {The qualitative report},
  TITLE = {{The creation of theory: A recent application of the grounded theory method}},
}

@ARTICLE{Kotsopoulos:2017kd,
  AUTHOR = {Kotsopoulos, Donna and Floyd, Lisa and Khan, Steven and Namukasa, Immaculate Kizito and Somanath, Sowmya and Weber, Jessica and Yiu, Chris},
  PUBLISHER = {Springer},
  URL = {https://link.springer.com/article/10.1007/s40751-017-0031-2},
  DATE = {2017-03},
  DOI = {10.1007/s40751-017-0031-2},
  JOURNALTITLE = {Digital Experiences in Mathematics Education},
  NUMBER = {2},
  TITLE = {{A Pedagogical Framework for Computational Thinking}},
  VOLUME = {3},
}

@INCOLLECTION{Yadav:2017ir,
  AUTHOR = {Yadav, Aman and Gretter, Sarah and Good, Jon and McLean, Tamika},
  LOCATION = {Cham},
  PUBLISHER = {Springer},
  URL = {http://link.springer.com/10.1007/978-3-319-52691-1_13},
  BOOKTITLE = {Emerging Research, Practice, and Policy on Computational Thinking},
  DATE = {2017-04},
  DOI = {10.1007/978-3-319-52691-1_13},
  ISBN = {978-3-319-52690-4},
  TITLE = {{Com\-pu\-ta\-tion\-al Think\-ing in Teacher Education}},
}

@ARTICLE{Shute:2017,
  AUTHOR = {Shute, Valerie J. and Sun, Chen and Asbell-Clarke, Jodi},
  URL = {http://www.sciencedirect.com/science/article/pii/S1747938X17300350},
  DATE = {2017},
  DOI = {https://doi.org/10.1016/j.edurev.2017.09.003},
  ISSN = {1747-938X},
  JOURNALTITLE = {Educational Research Review},
  KEYWORDS = {Computational thinking,Computational literacy,Problem solving,Programming},
  TITLE = {De\-mys\-ti\-fy\-ing com\-pu\-ta\-tion\-al think\-ing},
  VOLUME = {22},
}

@ARTICLE{Fischer:2017,
  AUTHOR = {Fischer, Gerhard},
  LOCATION = {New York, NY, USA},
  PUBLISHER = {ACM},
  URL = {http://doi.acm.org/10.1145/3170706},
  DATE = {2017-12},
  DOI = {10.1145/3170706},
  ISSN = {1072-5520},
  JOURNALTITLE = {Interactions},
  NUMBER = {1},
  TITLE = {Exploring Design Trade-offs for Quality of Life in Human-centered Design},
  VOLUME = {25},
}

@ARTICLE{tzafilkou2017gender,
  AUTHOR = {Tzafilkou, Katerina and Protogeros, Nicolaos and Karagiannidis, Charalampos and Koumpis, Adamantios},
  PUBLISHER = {Springer},
  DATE = {2017},
  JOURNALTITLE = {Education and Information Technologies},
  NUMBER = {4},
  TITLE = {Gender-based behavioral analysis for end-user development and the ‘RULES’attributes},
  VOLUME = {22},
}

@ARTICLE{Houben:2017:OCC:3135412.3121348,
  AUTHOR = {Houben, Steven and Marquardt, Nicolai and Vermeulen, Jo and Klokmose, Clemens and Schöning, Johannes and Reiterer, Harald and Holz, Christian},
  LOCATION = {New York, NY, USA},
  PUBLISHER = {ACM},
  URL = {http://doi.acm.org/10.1145/3121348},
  DATE = {2017-08},
  DOI = {10.1145/3121348},
  ISSN = {1072-5520},
  JOURNALTITLE = {interactions},
  NUMBER = {5},
  TITLE = {Opportunities and Challenges for Cross-device Interactions in the Wild},
  VOLUME = {24},
}

@INPROCEEDINGS{Scaffidi:2017,
  AUTHOR = {Scaffidi, Christopher},
  EDITOR = {Barbosa, Simone and Markopoulos, Panos and Paternò, Fabio and Stumpf, Simone and Valtolina, Stefano},
  LOCATION = {Cham},
  PUBLISHER = {Springer},
  BOOKTITLE = {End-User Development},
  DATE = {2017},
  ISBN = {978-3-319-58735-6},
  TITLE = {Potential Financial Payoffs to End-User Developers},
}

@INCOLLECTION{Fischer:2017df,
  AUTHOR = {Fischer, Gerhard and Fogli, Daniela and Piccinno, Antonio},
  LOCATION = {Cham},
  PUBLISHER = {Springer},
  URL = {http://link.springer.com/10.1007/978-3-319-60291-2_4},
  BOOKTITLE = {New Perspectives in End-User Development},
  DATE = {2017-08},
  DOI = {10.1007/978-3-319-60291-2_4},
  ISBN = {978-3-319-60290-5},
  TITLE = {{Revisiting and Broadening the Meta-Design Framework for End-User Development}},
}

@ARTICLE{Monteiro:2017,
  AUTHOR = {Monteiro, Ingrid Teixeira and deCastro Salgado, Luciana Cardoso and Mota, Marcelle Pereira and Sampaio, Andréia Libório and de Souza, Clarisse Sieckenius},
  URL = {http://www.sciencedirect.com/science/article/pii/S1045926X16300234},
  DATE = {2017},
  DOI = {https://doi.org/10.1016/j.jvlc.2017.01.005},
  ISSN = {1045-926X},
  JOURNALTITLE = {Journal of Visual Languages and Computing},
  KEYWORDS = {Computational thinking acquisition (CTA),AgentSheets,Program deconstructions,End User Software Engineering (EUSE),Semiotic analysis,Semiotic Engineering,End user development (EUD)},
  NOTE = {Semiotics, Human-Computer Interaction and End-User Development},
  TITLE = {Signifying software engineering to computational thinking learners with AgentSheets and PoliFacets},
  VOLUME = {40},
}

@ARTICLE{Coutaz:2016bb,
  AUTHOR = {Coutaz, Joelle and Crowley, James L.},
  URL = {http://ieeexplore.ieee.org/document/7445783/},
  DATE = {2016},
  DOI = {10.1109/MPRV.2016.24},
  JOURNALTITLE = {Pervasive Computing, IEEE},
  NUMBER = {2},
  TITLE = {{A First-Person Experience with End-User Development for Smart Homes}},
  VOLUME = {15},
}

@ARTICLE{Atmatzidou:2016,
  AUTHOR = {Atmatzidou, Soumela and Demetriadis, Stavros},
  LOCATION = {Amsterdam, The Netherlands, The Netherlands},
  PUBLISHER = {North-Holland Publishing Co.},
  URL = {https://doi.org/10.1016/j.robot.2015.10.008},
  DATE = {2016-01},
  DOI = {10.1016/j.robot.2015.10.008},
  ISSN = {0921-8890},
  JOURNALTITLE = {Robotics and Autonomous Systems},
  KEYWORDS = {Computational thinking,Educational robotics,Secondary education,Skill development},
  NUMBER = {PB},
  TITLE = {Advancing Students' Computational Thinking Skills Through Educational Robotics},
  VOLUME = {75},
}

@ARTICLE{Weintrop:2016vc,
  AUTHOR = {Weintrop, David and Holbert, Nathan R. and Horn, Michael and Wilensky, Uri},
  PUBLISHER = {IGI Global},
  URL = {http://services.igi-global.com/resolvedoi/resolve.aspx?doi=10.4018/IJGBL.2016010101},
  DATE = {2016},
  DOI = {10.4018/IJGBL.2016010101},
  JOURNALTITLE = {IJGBL},
  NUMBER = {1},
  TITLE = {{Computational Thinking in Constructionist Video Games}},
  VOLUME = {6},
}

@INPROCEEDINGS{Repenning:fy,
  AUTHOR = {Repenning, Alexander and Basawapatna, Ashok and Escherle, Nora},
  PUBLISHER = {IEEE},
  BOOKTITLE = {2016 IEEE Symposium on Visual Languages and Human-Centric Computing (VL/HCC)},
  DATE = {2016},
  DOI = {10.1109/VLHCC.2016.7739688},
  ISBN = {978-1-5090-0252-8},
  TITLE = {{Com\-pu\-ta\-tion\-al think\-ing tools}},
}

@ARTICLE{kafai:2016,
  AUTHOR = {Kafai, Yasmin B.},
  LOCATION = {New York, NY, USA},
  PUBLISHER = {ACM},
  URL = {http://doi.acm.org/10.1145/2955114},
  DATE = {2016-07},
  DOI = {10.1145/2955114},
  ISSN = {0001-0782},
  JOURNALTITLE = {Communications of the ACM},
  NUMBER = {8},
  TITLE = {From Computational Thinking to Computational Participation in K--12 Education},
  VOLUME = {59},
}

@ARTICLE{Shneiderman:2016fh,
  AUTHOR = {Shneiderman, Ben and Plaisant, Catherine and Cohen, Maxine and Jacobs, Steven and Elmqvist, Niklas and Diakopoulos, Nicholoas},
  PUBLISHER = {ACM},
  URL = {http://dl.acm.org/citation.cfm?doid=2991131.2977645},
  DATE = {2016-08},
  DOI = {10.1145/2977645},
  JOURNALTITLE = {interactions},
  NUMBER = {5},
  TITLE = {{Grand challenges for HCI researchers}},
  VOLUME = {23},
}

@ARTICLE{Cetin:2016,
  AUTHOR = {Cetin, Ibrahim},
  DATE = {2016},
  DOI = {10.1177/0735633116642774},
  JOURNALTITLE = {Journal of Educational Computing Research},
  NUMBER = {7},
  TITLE = {Preservice Teachers’ Introduction to Computing: Exploring Utilization of Scratch},
  VOLUME = {54},
}

@ARTICLE{Cabitza:2016bz,
  AUTHOR = {Cabitza, Federico and Fogli, Daniela and Lanzilotti, Rosa and Piccinno, Antonio},
  PUBLISHER = {Springer},
  URL = {http://link.springer.com/10.1007/s11042-016-3511-2},
  DATE = {2016-04},
  DOI = {10.1007/s11042-016-3511-2},
  JOURNALTITLE = {Multimedia Tools and Applications},
  NUMBER = {4},
  TITLE = {{Rule-based tools for the configuration of ambient intelligence systems: a comparative user study}},
  VOLUME = {76},
}

@ARTICLE{Francese:kb,
  AUTHOR = {Francese, Rita and Risi, Michele and Tortora, Genoveffa and Tucci, Maurizio},
  DATE = {2016},
  DOI = {10.1109/TMC.2015.2422295},
  JOURNALTITLE = {IEEE Transactions on Mobile Computing},
  NUMBER = {4},
  TITLE = {{Visual Mobile Computing for Mobile End-Users}},
  VOLUME = {15},
}

@ARTICLE{Voogt:2015,
  AUTHOR = {Voogt, Joke and Fisser, Petra and Good, Jon and Mishra, Punya and Yadav, Aman},
  URL = {https://doi.org/10.1007/s10639-015-9412-6},
  DATE = {2015-12},
  DOI = {10.1007/s10639-015-9412-6},
  ISSN = {1573-7608},
  JOURNALTITLE = {Education and Information Technologies},
  NUMBER = {4},
  TITLE = {Computational thinking in compulsory education: Towards an agenda for research and practice},
  VOLUME = {20},
}

@ARTICLE{Grover:2015,
  AUTHOR = {Grover, Shuchi and Pea, Roy and Cooper, Stephen},
  PUBLISHER = {Routledge},
  DATE = {2015},
  DOI = {10.1080/08993408.2015.1033142},
  JOURNALTITLE = {Computer Science Education},
  NUMBER = {2},
  TITLE = {Designing for deeper learning in a blended computer science course for middle school students},
  VOLUME = {25},
}

@ARTICLE{Cagiltay:2015,
  AUTHOR = {Cagiltay, Nergiz Ercil and Ozcelik, Erol and Ozcelik, Nese Sahin},
  URL = {http://www.sciencedirect.com/science/article/pii/S0360131515001001},
  DATE = {2015},
  DOI = {https://doi.org/10.1016/j.compedu.2015.04.001},
  ISSN = {0360-1315},
  JOURNALTITLE = {Computers \& Education},
  KEYWORDS = {Interactive learning environments,Post-secondary education},
  TITLE = {The effect of competition on learning in games},
  VOLUME = {87},
}

@ARTICLE{Arias:2015fd,
  AUTHOR = {Arias, Ernesto G. and Eden, Hal and Fischer, Gerhard},
  PUBLISHER = {Morgan {\&} Claypool Publishers},
  URL = {http://www.morganclaypool.com/doi/10.2200/S00670ED1V01Y201509HCI032},
  DATE = {2015-10},
  DOI = {10.2200/S00670ED1V01Y201509HCI032},
  JOURNALTITLE = {Synthesis Lectures on Human-Centered Informatics},
  NUMBER = {5},
  TITLE = {{The Envisionment and Discovery Collaboratory (EDC): Explorations in Human-Centered Informatics}},
  VOLUME = {8},
}

@ARTICLE{Wang:2014jy,
  AUTHOR = {{Wang, Danli} and {Wang, Tingting} and {Liu, Zhen}},
  DATE = {2014-01},
  DOI = {10.1155/2014/428080},
  JOURNALTITLE = {The Scientific World Journal},
  NUMBER = {3},
  TITLE = {{A tangible programming tool for children to cultivate computational thinking}},
  VOLUME = {2014},
}

@ARTICLE{Yadav:2014,
  AUTHOR = {Yadav, Aman and Mayfield, Chris and Zhou, Ninger and Hambrusch, Susanne and Korb, John T.},
  LOCATION = {New York, NY, USA},
  PUBLISHER = {ACM},
  URL = {http://doi.acm.org/10.1145/2576872},
  DATE = {2014-03},
  DOI = {10.1145/2576872},
  ISSN = {1946-6226},
  JOURNALTITLE = {Transactions on Computing Education},
  KEYWORDS = {Computational thinking,teacher education,teaching/learning strategies},
  NUMBER = {1},
  TITLE = {Com\-pu\-ta\-tion\-al Think\-ing in El\-e\-men\-ta\-ry and Sec\-ond\-a\-ry Teach\-er Ed\-u\-ca\-tion},
  VOLUME = {14},
}

@ARTICLE{Lee:2014er,
  AUTHOR = {Lee, Tak Yeon and Mauriello, Matthew Louis and Ahn, June and Bederson, Benjamin B.},
  URL = {http://linkinghub.elsevier.com/retrieve/pii/S2212868914000208},
  DATE = {2014-01},
  DOI = {10.1016/j.ijcci.2014.06.003},
  JOURNALTITLE = {International Journal of Child-Computer Interaction},
  NUMBER = {1},
  TITLE = {{CTArcade: Computational thinking with games in school age children}},
  VOLUME = {2},
}

@ARTICLE{Cabitza:2014bj,
  AUTHOR = {Cabitza, Federico and Fogli, Daniela and Piccinno, Antonio},
  URL = {http://linkinghub.elsevier.com/retrieve/pii/S1045926X14001074},
  DATE = {2014-12},
  DOI = {10.1016/j.jvlc.2014.10.014},
  JOURNALTITLE = {Journal of Visual Languages {\&} Computing},
  NUMBER = {6},
  TITLE = {{Fostering participation and co-evolution in sentient multimedia systems}},
  VOLUME = {25},
}

@ARTICLE{Lye:2014,
  AUTHOR = {Lye, Sze Yee and Koh, Joyce Hwee Ling},
  LOCATION = {Amsterdam, The Netherlands, The Netherlands},
  PUBLISHER = {Elsevier},
  URL = {http://dx.doi.org/10.1016/j.chb.2014.09.012},
  DATE = {2014-12},
  DOI = {10.1016/j.chb.2014.09.012},
  ISSN = {0747-5632},
  JOURNALTITLE = {Computers in Human Behavior},
  KEYWORDS = {Computational thinking,Computer science education,K-12,Programming,Scratch},
  NUMBER = {C},
  TITLE = {Review on Teaching and Learning of Computational Thinking Through Programming},
  VOLUME = {41},
}

@INPROCEEDINGS{Touretzky:2013,
  AUTHOR = {Touretzky, David S. and Marghitu, Daniela and Ludi, Stephanie and Bernstein, Debra and Ni, Lijun},
  LOCATION = {Denver, Colorado, USA},
  PUBLISHER = {ACM},
  URL = {http://doi.acm.org/10.1145/2445196.2445374},
  BOOKTITLE = {Proceeding of the 44th ACM Technical Symposium on Computer Science Education},
  DATE = {2013},
  DOI = {10.1145/2445196.2445374},
  ISBN = {978-1-4503-1868-6},
  KEYWORDS = {Alice,computational thinking,kodu,robotics},
  SERIES = {SIGCSE '13},
  TITLE = {Ac\-cel\-er\-at\-ing K-12 Com\-pu\-ta\-tion\-al Think\-ing Us\-ing Scaf\-fold\-ing, Sta\-ging, and Ab\-strac\-tion},
}

@ARTICLE{Moreno:2012,
  AUTHOR = {Moreno, Julián},
  URL = {http://proxy.unibs.it/login?url=https://search.ebscohost.com/login.aspx?direct=true&db=asx&AN=79816983&lang=it&site=eds-live&scope=site},
  DATE = {2012},
  ISSN = {14364522},
  JOURNALTITLE = {Journal of Educational Technology \& Society},
  KEYWORDS = {EDUCATIONAL games,COMPUTER programming,PROBLEM solving,ANIMAL species,LEARNING,COMPUTER science,Computer programming,Educational game,Problem solving},
  NUMBER = {3},
  TITLE = {Digital Competition Game to Improve Programming Skills},
  VOLUME = {15},
}

@ARTICLE{Fowler:2012,
  AUTHOR = {Fowler, Allan and Fristce, Teale and MacLauren, Matthew},
  URL = {https://doi.org/10.1007/BF03392325},
  DATE = {2012-05},
  DOI = {10.1007/BF03392325},
  ISSN = {2052-773X},
  JOURNALTITLE = {The Computer Games Journal},
  NUMBER = {1},
  TITLE = {Kodu Game Lab: a programming environment},
  VOLUME = {1},
}

@ARTICLE{Kazimoglu:2012ft,
  AUTHOR = {Kazimoglu, Cagin and Kiernan, Mary and Bacon, Liz and MacKinnon, Lachlan},
  URL = {http://linkinghub.elsevier.com/retrieve/pii/S1877050912001779},
  DATE = {2012-01},
  DOI = {10.1016/j.procs.2012.04.056},
  JOURNALTITLE = {Procedia Computer Science},
  TITLE = {{Learning Programming at the Computational Thinking Level via Digital Game-Play}},
  VOLUME = {9},
}

@INPROCEEDINGS{Brennan:2012,
  AUTHOR = {Brennan, Karen and Resnick, Mitchel},
  BOOKTITLE = {In AERA 2012},
  DATE = {2012},
  TITLE = {New frameworks for studying and assessing the development of computational thinking},
}

@INPROCEEDINGS{Werner:2012,
  AUTHOR = {Werner, Linda and Denner, Jill and Campe, Shannon and Kawamoto, Damon Chizuru},
  LOCATION = {Raleigh, North Carolina, USA},
  PUBLISHER = {ACM},
  URL = {http://doi.acm.org/10.1145/2157136.2157200},
  BOOKTITLE = {Proceedings of the 43rd ACM Technical Symposium on Computer Science Education},
  DATE = {2012},
  DOI = {10.1145/2157136.2157200},
  ISBN = {978-1-4503-1098-7},
  KEYWORDS = {Alice,assessment,computational thinking,game programming,middle school,pair programming},
  SERIES = {SIGCSE '12},
  TITLE = {The Fair\-y Per\-formance As\-sess\-ment: Meas\-ur\-ing Com\-pu\-ta\-tion\-al Think\-ing in Mid\-dle School},
}

@INPROCEEDINGS{Fowler:2011,
  AUTHOR = {Fowler, Allan and Cusack, Brian},
  LOCATION = {Bordeaux, France},
  PUBLISHER = {ACM},
  URL = {http://doi.acm.org/10.1145/2159365.2159398},
  BOOKTITLE = {Proceedings of the 6th International Conference on Foundations of Digital Games},
  DATE = {2011},
  DOI = {10.1145/2159365.2159398},
  ISBN = {978-1-4503-0804-5},
  KEYWORDS = {Kodu game lab,computer games,programming,teaching},
  SERIES = {FDG '11},
  TITLE = {Kodu Game Lab: Improving the Motivation for Learning Programming Concepts},
}

@ARTICLE{Liu:2011,
  AUTHOR = {Liu, Chen-Chung and Cheng, Yuan-Bang and Huang, Chia-Wen},
  LOCATION = {Oxford, UK},
  PUBLISHER = {Elsevier},
  URL = {http://dx.doi.org/10.1016/j.compedu.2011.04.002},
  DATE = {2011-11},
  DOI = {10.1016/j.compedu.2011.04.002},
  ISSN = {0360-1315},
  JOURNALTITLE = {Computers \& Education},
  KEYWORDS = {Flow experience,Game-based learning,Problem solving,Simulation},
  NUMBER = {3},
  TITLE = {The Effect of Simulation Games on the Learning of Computational Problem Solving},
  VOLUME = {57},
}

@BOOK{Reichheld:2011wi,
  AUTHOR = {Reichheld, Frederick F. and Markey, Rob},
  PUBLISHER = {Harvard Business Press},
  URL = {http://books.google.it/books?id=e8jhiYjQrU0C&pg=PA54&dq=The+One+Number+You+Need+inauthor:Reichheld&hl=&cd=3&source=gbs_api},
  DATE = {2011},
  ISBN = {1422173356},
  SERIES = {How Net Promoter Companies Thrive in a Customer-driven World},
  TITLE = {{The Ultimate Question 2.0}},
}

@INPROCEEDINGS{Wang:2011,
  AUTHOR = {Wang, Danli and Zhang, Cheng and Wang, Hongan},
  LOCATION = {Ann Arbor, Michigan},
  PUBLISHER = {ACM},
  URL = {http://doi.acm.org/10.1145/1999030.1999045},
  BOOKTITLE = {Proceedings of the 10th International Conference on Interaction Design and Children},
  DATE = {2011},
  DOI = {10.1145/1999030.1999045},
  ISBN = {978-1-4503-0751-2},
  KEYWORDS = {children,education,maze,programming languages,sensors,tangible programming,tangible user interface},
  SERIES = {IDC '11},
  TITLE = {T-Maze: A Tangible Programming Tool for Children},
}

@ARTICLE{Fischer:2011cc,
  AUTHOR = {Fischer, Gerhard},
  PUBLISHER = {ACM},
  URL = {http://portal.acm.org/citation.cfm?doid=1962438.1962450},
  DATE = {2011-05},
  DOI = {10.1145/1962438.1962450},
  JOURNALTITLE = {interactions},
  NUMBER = {3},
  TITLE = {{Understanding, fostering, and supporting cultures of participation}},
  VOLUME = {18},
}

@BOOK{Herbert:2012,
  AUTHOR = {Herbert, Charles W.},
  LOCATION = {Boston, MA, USA},
  PUBLISHER = {Course Technology Press},
  DATE = {2010},
  EDITION = {2nd},
  ISBN = {9780538478663},
  TITLE = {An Introduction to Programming Using Alice 2.2},
}

@MISC{Wing:2010,
  AUTHOR = {Wing, Jeannette M.},
  URL = {https://www.cs.cmu.edu/%E2%88%BCCompThink/resources/TheLinkWing.pdf},
  DATE = {2010},
  TITLE = {Computational thinking: What and Why?},
}

@INPROCEEDINGS{Koh:2010,
  AUTHOR = {Koh, Kyu Han and Basawapatna, Ashok and Bennett, Vicki and Repenning, Alexander},
  LOCATION = {Washington, D.C., USA},
  PUBLISHER = {IEEE},
  URL = {https://doi.org/10.1109/VLHCC.2010.17},
  BOOKTITLE = {Proceedings of the 2010 IEEE Symposium on Visual Languages and Human-Centric Computing},
  DATE = {2010},
  DOI = {10.1109/VLHCC.2010.17},
  ISBN = {978-0-7695-4206-5},
  KEYWORDS = {Computational Thinking,Visual Language Programming,Knowledge Transfer},
  SERIES = {VLHCC '10},
  TITLE = {Towards the Automatic Recognition of Computational Thinking for Adaptive Visual Language Learning},
}

@ARTICLE{Lu:2009,
  AUTHOR = {Lu, James J. and Fletcher, George H. L.},
  LOCATION = {New York, NY, USA},
  PUBLISHER = {ACM},
  URL = {http://doi.acm.org/10.1145/1539024.1508959},
  DATE = {2009-03},
  DOI = {10.1145/1539024.1508959},
  ISSN = {0097-8418},
  JOURNALTITLE = {Proceedings of the 40th ACM Technical Symposium on Computer Science Education},
  KEYWORDS = {computational thinking,k-12 education,language},
  NUMBER = {1},
  TITLE = {Thinking About Computational Thinking},
  VOLUME = {41},
}

@INCOLLECTION{Burnett:2009ke,
  AUTHOR = {Burnett, Margaret},
  LOCATION = {Berlin, Heidelberg},
  PUBLISHER = {Springer},
  URL = {http://link.springer.com/10.1007/978-3-642-00427-8_2},
  BOOKTITLE = {Virtual and Mixed Reality},
  DATE = {2009},
  DOI = {10.1007/978-3-642-00427-8_2},
  ISBN = {978-3-642-00425-4},
  TITLE = {{What Is End-User Software Engineering and Why Does It Matter?}},
}

@MISC{Bundy:2007,
  AUTHOR = {Bundy, Alan L.},
  URL = {https://www.semanticscholar.org/paper/Computational-Thinking-Is-Pervasive-Bundy/6b7f70d987edc960d9864564dd4f6d121b647239},
  DATE = {2007},
  TITLE = {Computational thinking is pervasive},
}

@ARTICLE{Dorner:tr,
  AUTHOR = {Dorner, Christian and Hess, Jan and Pipek, Volkmar},
  DATE = {2007},
  JOURNALTITLE = {ECIS 2007 Proceedings},
  TITLE = {{Improving Information Systems by End User Development: A Case Study}},
}

@INPROCEEDINGS{Horn:2007,
  AUTHOR = {Horn, Michael S. and Jacob, Robert J. K.},
  LOCATION = {San Jose, CA, USA},
  PUBLISHER = {ACM},
  URL = {http://doi.acm.org/10.1145/1240866.1240933},
  BOOKTITLE = {CHI '07 Extended Abstracts on Human Factors in Computing Systems},
  DATE = {2007},
  DOI = {10.1145/1240866.1240933},
  ISBN = {978-1-59593-642-4},
  KEYWORDS = {children,education,programming languages,tangible UIs},
  SERIES = {CHI EA '07},
  TITLE = {Tangible Programming in the Classroom with Tern},
}

@ARTICLE{Costabile:2007,
  AUTHOR = {Costabile, Maria Francesca and Fogli, Daniela and Mussio, Piero and Piccinno, Antonio},
  LOCATION = {Piscataway, NJ, USA},
  PUBLISHER = {IEEE Press},
  URL = {http://dx.doi.org/10.1109/TSMCA.2007.904776},
  DATE = {2007-11},
  DOI = {10.1109/TSMCA.2007.904776},
  ISSN = {1083-4427},
  JOURNALTITLE = {Transactions on Systems, Man, and Cybernetics Part A: Systems},
  KEYWORDS = {Design methodology,user interface human factors,user-centered design,visual languages},
  NUMBER = {6},
  TITLE = {Visual Interactive Systems for End-User Development: A Model-Based Design Methodology},
  VOLUME = {37},
}

@ARTICLE{Wing:2006iz,
  AUTHOR = {Wing, Jeannette M.},
  PUBLISHER = {ACM},
  URL = {http://portal.acm.org/citation.cfm?doid=1118178.1118215},
  DATE = {2006},
  DOI = {10.1145/1118178.1118215},
  JOURNALTITLE = {Com\-mu\-ni\-ca\-tions of the ACM},
  NUMBER = {3},
  TITLE = {{Computational thinking}},
  VOLUME = {49},
}

@BOOK{Lieberman:2006,
  AUTHOR = {Lieberman, Henry and Paternò, Fabio and Wulf, Volker},
  LOCATION = {Berlin, Heidelberg},
  PUBLISHER = {Springer},
  DATE = {2006},
  ISBN = {1402042205},
  TITLE = {End User Development (Human-Computer Interaction Series)},
}

@ARTICLE{beckwith2006gender,
  AUTHOR = {Beckwith, Laura and Burnett, Margaret and Grigoreanu, Valentina and Wiedenbeck, Susan},
  PUBLISHER = {IEEE},
  DATE = {2006},
  JOURNALTITLE = {Computer},
  NUMBER = {11},
  TITLE = {Gender HCI: What about the software?},
  VOLUME = {39},
}

@INCOLLECTION{Fischer:2006kg,
  AUTHOR = {Fischer, Gerhard and Giaccardi, Elisa},
  LOCATION = {Dordrecht},
  PUBLISHER = {Springer},
  URL = {http://link.springer.com/10.1007/1-4020-5386-X_19},
  BOOKTITLE = {End User Development},
  DATE = {2006-01},
  DOI = {10.1007/1-4020-5386-X_19},
  ISBN = {978-1-4020-4220-1},
  TITLE = {{Meta-design: A Framework for the Future of End-User Development}},
}

@INPROCEEDINGS{Costabile:2005,
  AUTHOR = {Costabile, Maria Francesca and Fogli, Daniela and Mussio, Piero and Piccinno, Antonio},
  LOCATION = {Washington, D.C., USA},
  PUBLISHER = {IEEE},
  URL = {http://dx.doi.org/10.1109/VLHCC.2005.7},
  BOOKTITLE = {Proceedings of the 2005 IEEE Symposium on Visual Languages and Human-Centric Computing},
  DATE = {2005},
  DOI = {10.1109/VLHCC.2005.7},
  ISBN = {0-7695-2443-5},
  SERIES = {VLHCC '05},
  TITLE = {A Meta-Design Approach to End-User Development},
}

@ARTICLE{barr2005exploring,
  AUTHOR = {Barr, Terri Feldman and Dixon, Andrea L. and Gassenheimer, Jule B.},
  PUBLISHER = {Sage Publications},
  DATE = {2005},
  JOURNALTITLE = {Journal of Marketing Education},
  NUMBER = {1},
  TITLE = {Exploring the ``Lone Wolf'' Phenomenon in Student Teams},
  VOLUME = {27},
}

@INPROCEEDINGS{Abras:2004,
  AUTHOR = {Abras, Chadia and Maloney-krichmar, Diane and Preece, Jenny},
  PUBLISHER = {Sage Publications},
  BOOKTITLE = {The Encyclopedia of Human-Computer Interaction},
  DATE = {2004},
  TITLE = {User-Centered Design},
}

@ARTICLE{PRICE2003169,
  AUTHOR = {Price, Sara and Rogers, Yvonne and Scaife, Mike and Stanton, Danae and Neale, Helen},
  URL = {http://www.sciencedirect.com/science/article/pii/S0953543803000067},
  DATE = {2003},
  DOI = {https://doi.org/10.1016/S0953-5438(03)00006-7},
  ISSN = {0953-5438},
  JOURNALTITLE = {Interacting with Computers},
  KEYWORDS = {Children,Collaborative discovery,Interactive learning environments,Interaction with tangibles pervasive computing,Playful learning},
  NOTE = {Interaction Design and Children},
  NUMBER = {2},
  TITLE = {Using ‘tangibles’ to promote novel forms of playful learning},
  VOLUME = {15},
}

@ARTICLE{Huff:2002:GSD:543812.543842,
  AUTHOR = {Huff, Chuck},
  LOCATION = {New York, NY, USA},
  PUBLISHER = {ACM},
  URL = {http://doi.acm.org/10.1145/543812.543842},
  DATE = {2002-06},
  DOI = {10.1145/543812.543842},
  ISSN = {0097-8418},
  JOURNALTITLE = {Inroads -- SIGCSE Bulletin},
  NUMBER = {2},
  TITLE = {Gender, Software Design, and Occupational Equity},
  VOLUME = {34},
}

@ARTICLE{Repenning:2000,
  AUTHOR = {Repenning, Alexander},
  URL = {http://citeseerx.ist.psu.edu/viewdoc/download?doi=10.1.1.36.2039&rep=rep1&type=pdf},
  DATE = {2000},
  JOURNALTITLE = {Interactions},
  TITLE = {{AgentSheets: An interactive simulation en\-vi\-ron\-ment with end-us\-er pro\-gram\-ma\-ble a\-gents}},
}

@BOOK{Wohlin:2000:ESE:330775,
  AUTHOR = {Wohlin, Claes and Runeson, Per and Höst, Martin and Ohlsson, Magnus C. and Regnell, Bjöorn and Wesslén, Anders},
  LOCATION = {Norwell, MA, USA},
  PUBLISHER = {Kluwer Academic Publishers},
  DATE = {2000},
  ISBN = {0-7923-8682-5},
  TITLE = {Experimentation in Software Engineering: An Introduction},
}

@BOOK{Cassell:1998:BMK:295056,
  EDITOR = {Cassell, Justine and Jenkins, Henry},
  LOCATION = {Cambridge, MA, USA},
  PUBLISHER = {MIT Press},
  DATE = {1998},
  ISBN = {0-262-03258-9},
  TITLE = {From Barbie to Mortal Kombat: Gender and Computer Games},
}

@ARTICLE{brooke1996sus,
  AUTHOR = {Brooke, John},
  PUBLISHER = {Taylor and Francis},
  DATE = {1996},
  JOURNALTITLE = {Usability e\-val\-u\-a\-tion in industry},
  NUMBER = {194},
  TITLE = {{SUS-A quick and dirty usability scale}},
  VOLUME = {189},
}

@BOOK{Schuler:1993,
  EDITOR = {Schuler, Douglas and Namioka, Aki},
  LOCATION = {Hillsdale, NJ, USA},
  PUBLISHER = {L. Erlbaum Associates Inc.},
  DATE = {1993},
  ISBN = {0805809511},
  TITLE = {Participatory Design: Principles and Practices},
}

@ARTICLE{Carroll:1992,
  AUTHOR = {Carroll, John M. and Rosson, Mary Beth},
  LOCATION = {New York, NY, USA},
  PUBLISHER = {ACM},
  URL = {http://doi.acm.org/10.1145/146802.146834},
  DATE = {1992-04},
  DOI = {10.1145/146802.146834},
  ISSN = {1046-8188},
  JOURNALTITLE = {Transactions on Information Systems},
  KEYWORDS = {design rationale,planning,user interfaces},
  NUMBER = {2},
  TITLE = {Getting Around the Task-artifact Cycle: How to Make Claims and Design by Scenario},
  VOLUME = {10},
}

@ARTICLE{Bodker:1991,
  AUTHOR = {Bødker, Susanne and Grønbæk, Kaj},
  URL = {http://www.sciencedirect.com/science/article/pii/002073739190030B},
  DATE = {1991},
  DOI = {https://doi.org/10.1016/0020-7373(91)90030-B},
  ISSN = {0020-7373},
  JOURNALTITLE = {International Journal of Man-Machine Studies},
  NOTE = {Computer-supported Cooperative Work and Groupware. Part 2},
  NUMBER = {3},
  TITLE = {Cooperative prototyping: users and designers in mutual activity},
  VOLUME = {34},
}

@ARTICLE{Davis:1989,
  AUTHOR = {Davis, Fred D.},
  LOCATION = {Minneapolis, MN, USA},
  PUBLISHER = {Society for Information Management and The Management Information Systems Research Center},
  URL = {http://dx.doi.org/10.2307/249008},
  DATE = {1989-09},
  DOI = {10.2307/249008},
  ISSN = {0276-7783},
  JOURNALTITLE = {Management Information Systems Quarterly},
  KEYWORDS = {end user computing,user acceptance,user measurement},
  NUMBER = {3},
  TITLE = {Perceived Usefulness, Perceived Ease of Use, and User Acceptance of Information Technology},
  VOLUME = {13},
}

@BOOK{Norman:1986,
  AUTHOR = {Norman, Donald A. and Draper, Stephen W.},
  LOCATION = {Hillsdale, NJ, USA},
  PUBLISHER = {L. Erlbaum Associates Inc.},
  DATE = {1986},
  ISBN = {0898597811},
  TITLE = {User Centered System Design; New Perspectives on Human-Computer Interaction},
}

@ONLINE{NACE2018,
  URL = {http://www.naceweb.org/job-market/compensation/the-top-paid-majors-for-the-class-of-2018/},
  DATE = {2018},
  TITLE = {National Association of Colleges and Employers},
  URLDATE = {2018-09-27},
}

@ONLINE{ROBOTWAR,
  URL = {https://corewar.co.uk/robotwar/robotwar.txt},
  DATE = {2018},
  TITLE = {RobotWar},
  URLDATE = {2018-09-27},
}

@ONLINE{CROBOTS,
  URL = {http://crobots.deepthought.it/},
  DATE = {2018},
  TITLE = {CRobots},
  URLDATE = {2018-09-27},
}

@ONLINE{CODECLUB,
  URL = {https://codeclub.org/en/},
  DATE = {2018},
  TITLE = {Code Club},
  URLDATE = {2018-09-27},
}

@ARTICLE{TAPAS,
  AUTHOR = {Turchi, Tommaso and Malizia, Alessio and Dix, Alan},
  URL = {http://www.sciencedirect.com/science/article/pii/S1045926X16302191},
  DATE = {2017},
  DOI = {https://doi.org/10.1016/j.jvlc.2016.11.002},
  ISSN = {1045-926X},
  JOURNALTITLE = {Journal of Visual Languages \& Computing},
  KEYWORDS = {End-User Development,Tangible User Interface,Natural User Interface,Pervasive Displays,Tangible Programming},
  NOTE = {Special Issue on Programming and Modelling Tools},
  TITLE = {TAPAS: A tangible End-User Development tool supporting the repurposing of Pervasive Displays},
  VOLUME = {39},
}

@ONLINE{BLSEP2016,
  URL = {http://www.bls.gov/emp/tables.htm},
  DATE = {2016},
  TITLE = {Bureau of Labor Statistics Employment Projections},
  URLDATE = {2018-09-27},
}

@ONLINE{HOC,
  URL = {https://hourofcode.com},
  DATE = {2018},
  TITLE = {Hour of Code},
  URLDATE = {2018-09-27},
}

@ONLINE{OZOB,
  URL = {https://ozoblockly.com/},
  DATE = {2018},
  TITLE = {OzoBlockly},
  URLDATE = {2018-09-27},
}

@ONLINE{BLOCKLY,
  URL = {https://developers.google.com/blockly},
  DATE = {2018},
  TITLE = {Blockly},
  URLDATE = {2018-09-27},
}

@ONLINE{MINDSTORMS,
  URL = {https://www.lego.com/en-us/mindstorms},
  DATE = {2018},
  TITLE = {Lego Mindstorms},
  URLDATE = {2018-09-27},
}

@ONLINE{IFTTT,
  URL = {http://ifttt.com},
  DATE = {2018},
  TITLE = {If-This-Then-That},
  URLDATE = {2018-09-27},
}

@ONLINE{OPENNI,
  URL = {https://github.com/OpenNI/OpenNI},
  DATE = {2018},
  TITLE = {Open Natural Interaction},
  URLDATE = {2018-09-27},
}

@ONLINE{CARDBOARD,
  URL = {https://vr.google.com/cardboard/},
  DATE = {2018},
  TITLE = {Google Cardboard},
  URLDATE = {2018-09-27},
}

@ONLINE{CTLAB2016,
  AUTHOR = {Barba, Lorena A.},
  URL = {http://lorenabarba.com/blog/computational-thinking-i-do-not-think-it-means-what-you-think-it-means/},
  DATE = {2016},
  TITLE = {Computational Thinking: I do not think it means what you think it means},
  URLDATE = {2018-09-27},
}

@ONLINE{SWCT2016,
  AUTHOR = {Wolfram, Stephen},
  URL = {http://blog.stephenwolfram.com/2016/09/how-to-teach-computational-thinking/},
  DATE = {2016},
  TITLE = {How to Teach Computational Thinking},
  URLDATE = {2018-09-27},
}

@ONLINE{IPEDS2016,
  URL = {https://ncsesdata.nsf.gov/webcaspar/index.jsp?subHeader=WebCASPARHome},
  DATE = {2016},
  TITLE = {National Center for Education Statistics IPEDS Completions Survey},
  URLDATE = {2018-09-27},
}

@ONLINE{Gallup2016,
  URL = {http://csedu.gallup.com/home.aspx},
  DATE = {2016},
  TITLE = {Trends in the State of Computer Science in U.S. K-12 Schools},
  URLDATE = {2018-09-27},
}

@INPROCEEDINGS{Zuckerman:2005:ETI:1054972.1055093,
  AUTHOR = {Zuckerman, Oren and Arida, Saeed and Resnick, Mitchel},
  LOCATION = {Portland, Oregon, USA},
  PUBLISHER = {ACM},
  URL = {http://doi.acm.org/10.1145/1054972.1055093},
  BOOKTITLE = {Proceedings of the SIGCHI Conference on Human Factors in Computing Systems},
  DATE = {2005},
  DOI = {10.1145/1054972.1055093},
  ISBN = {1-58113-998-5},
  KEYWORDS = {TUI,digital manipulatives,education,simulation,toys},
  SERIES = {CHI '05},
  TITLE = {Extending Tangible Interfaces for Education: Digital Montessori-inspired Manipulatives},
}

@ARTICLE{Bers:2014fk,
  AUTHOR = {Bers, Marina Umaschi and Flannery, Louise and Kazakoff, Elizabeth R. and Sullivan, Amanda},
  LOCATION = {Oxford, UK},
  PUBLISHER = {Elsevier},
  URL = {http://dx.doi.org/10.1016/j.compedu.2013.10.020},
  DATE = {2014-03},
  DOI = {10.1016/j.compedu.2013.10.020},
  ISSN = {0360-1315},
  JOURNALTITLE = {Computers {\&} Education ()},
  KEYWORDS = {Early childhood,Elementary education,Interactive learning environments,Pedagogical issues,Programming,Teaching/learning strategies,robotics},
  TITLE = {{Computational thinking and tinkering: Exploration of an early childhood robotics curriculum}},
  VOLUME = {72},
}

@BOOK{Papert:1980uh,
  AUTHOR = {Papert, Seymour},
  LOCATION = {New York, NY, USA},
  PUBLISHER = {Basic Books, Inc.},
  DATE = {1980-01},
  ISBN = {0-465-04627-4},
  TITLE = {{Mindstorms: children, computers, and powerful ideas}},
}

@BOOKLET{Piaget:1969vq,
  AUTHOR = {Piaget, Jean and Inhelder, Barbel},
  DATE = {1969},
  TITLE = {{The psychology of the child}},
}

@INPROCEEDINGS{malizia2017block,
  AUTHOR = {Malizia, Alessio and Turchi, Tommaso and Olsen, Kai A.},
  ORGANIZATION = {IEEE},
  BOOKTITLE = {Blocks and Beyond Workshop (B\&B), 2017 IEEE},
  DATE = {2017-10},
  DOI = {10.1109/BLOCKS.2017.8120413},
  KEYWORDS = {computer aided instruction;computer science education;educational courses;object-oriented programming;programming environments;user interfaces;CT skills;TUI;algorithmic thinking;block-oriented programming environments;computational thinking skills;digital properties;programmable objects;tangible user interface;Concrete;Programming;Programming environments;Protocols;Shape;Tools;User interfaces;Block-Oriented Programming;Computational Thinking Skills;Tangible User Interfaces},
  TITLE = {Block-oriented pro\-gram\-ming with tan\-gi\-bles: An engaging way to learn computational thinking skills},
}

@ARTICLE{fogli2017sustaining,
  AUTHOR = {Fogli, Daniela and Danesi, Federico and Malizia, Alessio and Turchi, Tommaso and Bell, David},
  URL = {https://dblp.org/rec/conf/chitaly/FogliDMTB17},
  DATE = {2017},
  JOURNALTITLE = {on CEUR in Proceedings of GHItaly},
  TITLE = {Sus\-tain\-ing Cul\-tures of Par\-tic\-i\-pa\-tion by Fos\-ter\-ing Com\-pu\-ta\-tion\-al Think\-ing Skills through Game-Play},
}

@ARTICLE{turchi2017tapas,
  AUTHOR = {Turchi, Tommaso and Malizia, Alessio and Dix, Alan},
  PUBLISHER = {Academic Press},
  URL = {http://linkinghub.elsevier.com/retrieve/pii/S1045926X16302191},
  DATE = {2017-04},
  DOI = {10.1016/j.jvlc.2016.11.002},
  JOURNALTITLE = {Journal of Visual Languages \& Computing},
  TITLE = {TAPAS: A tangible End-User Development tool supporting the repurposing of Pervasive Displays},
  VOLUME = {39},
}

@INPROCEEDINGS{turchi2016fostering,
  AUTHOR = {Turchi, Tommaso and Malizia, Alessio},
  ORGANIZATION = {IEEE},
  PUBLISHER = {IEEE},
  URL = {http://ieeexplore.ieee.org/document/7739692/},
  BOOKTITLE = {Visual Languages and Human-Centric Computing (VL/HCC), 2016 IEEE Symposium on},
  DATE = {2016},
  DOI = {10.1109/VLHCC.2016.7739692},
  ISBN = {978-1-5090-0252-8},
  TITLE = {Fos\-ter\-ing com\-pu\-ta\-tion\-al think\-ing skills with a tan\-gi\-ble blocks pro\-gram\-ming en\-vi\-ron-ment},
}

@INCOLLECTION{Danado:2012vi,
  AUTHOR = {Danado, Jose and Paternò, Fabio},
  LOCATION = {Berlin, Heidelberg},
  PUBLISHER = {Springer},
  URL = {http://link.springer.com/10.1007/978-3-642-34347-6_12},
  BOOKTITLE = {Virtual and Mixed Reality},
  DATE = {2012},
  DOI = {10.1007/978-3-642-34347-6_12},
  ISBN = {978-3-642-34346-9},
  TITLE = {{Puzzle: A Visual-Based Environment for End User Development in Touch-Based Mobile Phones}},
}